<?xml version="1.0" encoding="UTF-8"?>
<OAI-PMH xmlns="http://www.openarchives.org/OAI/2.0/" xmlns:xsi="http://www.w3.org/2001/XMLSchema-instance" xsi:schemaLocation="http://www.openarchives.org/OAI/2.0/ http://www.openarchives.org/OAI/2.0/OAI-PMH.xsd">
<ListRecords>
<record>
<header status="updated">
<identifier>urm_publish:71293119370002121</identifier>
</header>
<metadata>
<record xmlns="http://www.loc.gov/MARC21/slim" xmlns:xsi="http://www.w3.org/2001/XMLSchema-instance" xsi:schemaLocation="http://www.loc.gov/MARC21/slim http://www.loc.gov/standards/marcxml/schema/MARC21slim.xsd" ><leader>00740mam a22002658a 4500</leader><controlfield tag="005">19990604113142.0</controlfield><controlfield tag="008">900126t19901990onc           00011 eng  </controlfield><controlfield tag="001">999622388502121</controlfield><datafield tag="010" ind1=" " ind2=" "><subfield code="a">   90000117 </subfield></datafield><datafield tag="020" ind1=" " ind2=" "><subfield code="a">0553070002</subfield></datafield><datafield tag="035" ind1=" " ind2=" "><subfield code="a">(OCoLC)21034898</subfield></datafield><datafield tag="035" ind1=" " ind2=" "><subfield code="9">AMA0584UW</subfield></datafield><datafield tag="035" ind1=" " ind2=" "><subfield code="a">(WU)1725833-uwmadisondb</subfield></datafield><datafield tag="040" ind1=" " ind2=" "><subfield code="a">DLC</subfield><subfield code="b">eng</subfield><subfield code="c">DLC</subfield></datafield><datafield tag="050" ind1="0" ind2="0"><subfield code="a">PS3557.E478</subfield><subfield code="b">W 1990</subfield></datafield><datafield tag="082" ind1="0" ind2="0"><subfield code="a">813/.54</subfield><subfield code="2">20</subfield></datafield><datafield tag="100" ind1="1" ind2=" "><subfield code="a">George, Elizabeth.</subfield><subfield code="2">LCNAMES</subfield><subfield code="0">41-LIBRARY_OF_CONGRESS-n 2005207858</subfield><subfield code="9">Y</subfield></datafield><datafield tag="245" ind1="1" ind2="0"><subfield code="a">Well-schooled in murder /</subfield><subfield code="c">Elizabeth George.</subfield></datafield><datafield tag="264" ind1=" " ind2="1"><subfield code="a">Toronto ;</subfield><subfield code="a">New York :</subfield><subfield code="b">Bantam Books,</subfield><subfield code="c">[1990]</subfield></datafield><datafield tag="264" ind1=" " ind2="4"><subfield code="c">©1990</subfield></datafield><datafield tag="300" ind1=" " ind2=" "><subfield code="a">356 pages ;</subfield><subfield code="c">24 cm</subfield></datafield><datafield tag="336" ind1=" " ind2=" "><subfield code="a">text</subfield><subfield code="b">txt</subfield><subfield code="2">rdacontent</subfield></datafield><datafield tag="337" ind1=" " ind2=" "><subfield code="a">unmediated</subfield><subfield code="b">n</subfield><subfield code="2">rdamedia</subfield></datafield><datafield tag="338" ind1=" " ind2=" "><subfield code="a">volume</subfield><subfield code="b">nc</subfield><subfield code="2">rdacarrier</subfield></datafield><datafield tag="997" ind1=" " ind2=" "><subfield code="a">MARCIVE</subfield></datafield><datafield tag="100" ind1="1" ind2=" "><subfield code="a">Джордж, Элизабет</subfield><subfield code="2">LCNAMES</subfield><subfield code="0">41-LIBRARY_OF_CONGRESS-n 2005207858</subfield><subfield code="9">N</subfield></datafield><datafield tag="INST" ind1=" " ind2=" "><subfield code="a">01UWI_NETWORK</subfield><subfield code="b">P</subfield><subfield code="c">71293119370002121</subfield></datafield><datafield tag="INST" ind1=" " ind2=" "><subfield code="a">01UWI_MAD</subfield><subfield code="b">P</subfield><subfield code="c">21544398890002122</subfield></datafield><datafield tag="INST" ind1=" " ind2=" "><subfield code="a">01UWI_SF</subfield><subfield code="b">P</subfield><subfield code="c">2139607380002130</subfield></datafield><datafield tag="INST" ind1=" " ind2=" "><subfield code="a">01UWI_EC</subfield><subfield code="b">P</subfield><subfield code="c">2184374170002134</subfield></datafield><datafield tag="AVA" ind1=" " ind2=" "><subfield code="0">9917258333602122</subfield><subfield code="8">22544398880002122</subfield><subfield code="a">01UWI_MAD</subfield><subfield code="b">MEMORIAL</subfield><subfield code="c">Stacks Regular Size Shelving</subfield><subfield code="d">PS3557 E478 W44 1990</subfield><subfield code="e">available</subfield><subfield code="f">1</subfield><subfield code="g">0</subfield><subfield code="j">stk</subfield><subfield code="k">0</subfield><subfield code="p">1</subfield><subfield code="q">Memorial Library</subfield></datafield><datafield tag="AVA" ind1=" " ind2=" "><subfield code="0">994278383602130</subfield><subfield code="8">2239607370002130</subfield><subfield code="a">01UWI_SF</subfield><subfield code="b">SP</subfield><subfield code="c">Books (4th floor: A-PQ &amp; 5th floor: PR-Z)</subfield><subfield code="d">PS3557.E478 W4 1990</subfield><subfield code="e">available</subfield><subfield code="f">1</subfield><subfield code="g">0</subfield><subfield code="j">stack</subfield><subfield code="k">0</subfield><subfield code="p">1</subfield><subfield code="q">UW Stevens Point Library</subfield></datafield><datafield tag="AVA" ind1=" " ind2=" "><subfield code="0">995813213402134</subfield><subfield code="8">2284374160002134</subfield><subfield code="a">01UWI_EC</subfield><subfield code="b">UWEC</subfield><subfield code="c">Main Collection 5th Floor</subfield><subfield code="d">PS3557.E478 W4 1990</subfield><subfield code="e">available</subfield><subfield code="f">1</subfield><subfield code="g">0</subfield><subfield code="j">stacks5</subfield><subfield code="k">0</subfield><subfield code="p">1</subfield><subfield code="q">UW-Eau Claire McIntyre Library</subfield></datafield><datafield tag="MMS" ind1=" " ind2=" "><subfield code="b">999622388502121</subfield><subfield code="a">01UWI_NETWORK</subfield></datafield><datafield tag="MMS" ind1=" " ind2=" "><subfield code="b">9917258333602122</subfield><subfield code="a">01UWI_MAD</subfield></datafield><datafield tag="MMS" ind1=" " ind2=" "><subfield code="b">994278383602130</subfield><subfield code="a">01UWI_SF</subfield></datafield><datafield tag="MMS" ind1=" " ind2=" "><subfield code="b">995813213402134</subfield><subfield code="a">01UWI_EC</subfield></datafield></record>
</metadata>
</record>
</ListRecords>
</OAI-PMH>